<record><leader>00000cas a22000007a 4500</leader><controlfield tag="001">34354054</controlfield><controlfield tag="008">960313c19969999enkqr p       0   a0eng c</controlfield><datafield ind1=" " ind2=" " tag="010"><subfield code="a">sn 96003240 </subfield></datafield><datafield ind1=" " ind2=" " tag="040"><subfield code="a">NSD</subfield><subfield code="b">eng</subfield><subfield code="c">NSD</subfield><subfield code="d">NLE</subfield><subfield code="d">OCLCQ</subfield><subfield code="d">GBVCP</subfield><subfield code="d">UKMGB</subfield><subfield code="d">OCLCF</subfield><subfield code="d">OCLCO</subfield></datafield><datafield ind1=" " ind2=" " tag="012"><subfield code="m">1</subfield></datafield><datafield ind1=" " ind2=" " tag="015"><subfield code="a">019567561</subfield><subfield code="2">dnb</subfield></datafield><datafield ind1="7" ind2=" " tag="016"><subfield code="a">1463441-7</subfield><subfield code="2">DE-600</subfield></datafield><datafield ind1="7" ind2=" " tag="016"><subfield code="a">012308940</subfield><subfield code="2">Uk</subfield></datafield><datafield ind1=" " ind2=" " tag="022"><subfield code="a">1362-0770</subfield><subfield code="l">1362-0770</subfield></datafield><datafield ind1="1" ind2=" " tag="029"><subfield code="a">NZ1</subfield><subfield code="b">4756742</subfield></datafield><datafield ind1="1" ind2=" " tag="029"><subfield code="a">AU@</subfield><subfield code="b">000026177487</subfield></datafield><datafield ind1=" " ind2=" " tag="032"><subfield code="a">013954</subfield><subfield code="b">USPS</subfield></datafield><datafield ind1=" " ind2=" " tag="037"><subfield code="b">UK &amp; International Press, 120 South St., Dorking, Surrey, RH4 2EU, UK</subfield><subfield code="c">$155.00</subfield></datafield><datafield ind1=" " ind2=" " tag="042"><subfield code="a">pcc</subfield></datafield><datafield ind1="0" ind2="4" tag="082"><subfield code="a">388.04206</subfield><subfield code="2">21</subfield></datafield><datafield ind1="0" ind2="0" tag="245"><subfield code="a">Passenger terminal world.</subfield></datafield><datafield ind1=" " ind2=" " tag="260"><subfield code="a">Dorking, Surrey, UK :</subfield><subfield code="b">UK &amp; International Press,</subfield><subfield code="c">c1996-</subfield></datafield><datafield ind1=" " ind2=" " tag="300"><subfield code="a">v.</subfield></datafield><datafield ind1=" " ind2=" " tag="310"><subfield code="a">Quarterly</subfield></datafield><datafield ind1="0" ind2=" " tag="362"><subfield code="a">Spring 1996-</subfield></datafield><datafield ind1=" " ind2=" " tag="500"><subfield code="a">Title from cover.</subfield></datafield><datafield ind1=" " ind2="0" tag="650"><subfield code="a">Terminals (Transportation)</subfield><subfield code="v">Periodicals.</subfield></datafield><datafield ind1=" " ind2="0" tag="650"><subfield code="a">Transportation</subfield><subfield code="x">Passenger traffic</subfield><subfield code="v">Periodicals.</subfield></datafield><datafield ind1=" " ind2="0" tag="650"><subfield code="a">Transportation buildings</subfield><subfield code="x">Design and construction</subfield><subfield code="v">Periodicals.</subfield></datafield><datafield ind1=" " ind2="7" tag="655"><subfield code="a">Periodicals.</subfield><subfield code="2">fast</subfield><subfield code="0">(OCoLC)fst01411641</subfield></datafield><datafield ind1=" " ind2="7" tag="650"><subfield code="a">Terminals (Transportation)</subfield><subfield code="2">fast</subfield><subfield code="0">(OCoLC)fst01147903</subfield></datafield><datafield ind1=" " ind2="7" tag="650"><subfield code="a">Transportation buildings</subfield><subfield code="x">Design and construction.</subfield><subfield code="2">fast</subfield><subfield code="0">(OCoLC)fst01155265</subfield></datafield><datafield ind1=" " ind2="7" tag="650"><subfield code="a">Transportation</subfield><subfield code="x">Passenger traffic.</subfield><subfield code="2">fast</subfield><subfield code="0">(OCoLC)fst01155119</subfield></datafield></record>